% This file was created with JabRef 2.7b.
% Encoding: UTF-8

@ARTICLE{adams06,
  author = {Carlisle Adams},
  title = {A Classification for Privacy Techniques},
  journal = {University of Ottawa Law \& Technology Journal},
  year = {2006},
  volume = {3},
  pages = {35--52},
  issue = {1},
  www_pdf_url = {http://www.uoltj.ca/articles/vol3.1/2006.3.1.uoltj.Adams.35-52.pdf},
  www_section = {Misc},
  www_tags = {selected}
}

@BOOK{deibert2013black,
  title = {Black Code: Inside the Battle for Cyberspace},
  publisher = {McClelland \& Stewart},
  year = {2013},
  author = {Deibert, R.J.},
  isbn = {9780771025341},
  url = {http://books.google.com.br/books?id=sww\_ZnurVHEC}
}

@BOOK{deibert2010access,
  title = {Access Controlled: The Shaping of Power, Rights, and Rule in Cyberspace},
  publisher = {Mit Press},
  year = {2010},
  author = {Deibert, R.J. and OpenNet Initiative},
  series = {Information Revolution and Global Politics},
  isbn = {9780262014342},
  lccn = {2009049632},
  url = {http://books.google.com.br/books?id=ZojiQG4irWEC}
}

@INPROCEEDINGS{tor-design,
  author = {Roger Dingledine and Nick Mathewson and Paul Syverson},
  title = {{Tor}: The Second-Generation Onion Router},
  booktitle = {Proceedings of the 13th USENIX Security Symposium},
  year = {2004},
  month = {August},
  www_html_url = {https://svn.torproject.org/svn/projects/design-paper/tor-design.html},
  www_important = {1},
  www_pdf_url = {https://svn.torproject.org/svn/projects/design-paper/tor-design.pdf},
  www_section = {Anonymous communication},
  www_tags = {selected}
}

@MISC{time-dewitt,
  author = {Philip Elmer-Dewitt},
  title = {First Nation in Cyberspace},
  howpublished = {TIME Magazine},
  month = {December},
  year = {1993},
  url = {http://www.time.com/time/magazine/article/0,9171,979768,00.html}
}

@MISC{folha-obama-vigilancia,
  author = {Bernardo Mello Franco},
  title = {Pressionado, {O}bama promete abrir informacoes sobre vigil\^{a}ncia na
	internet},
  howpublished = {Folha de S\~{a}o Paulo},
  month = {June},
  year = {2013},
  timestamp = {2013.06.24},
  url = {http://www1.folha.uol.com.br/mundo/2013/06/1297532-pressionado-obama-promete-abrir-informacoes-sobre-vigilancia-na-internet.shtml}
}

@BOOK{morozov2012net,
  title = {The Net Delusion: The Dark Side of Internet Freedom},
  publisher = {PublicAffairs},
  year = {2012},
  author = {Morozov, E.},
  isbn = {9781610391634},
  url = {http://books.google.com.br/books?id=ctwEIggfIDEC}
}

@MISC{arabreport,
  year = {2012},
  title = {Social Media in the Arab World: Influencing Societal and Cultural
	Change?},
  author = {Dubai School of Government},
  url = {http://www.arabsocialmediareport.com/UserManagement/PDF/ASMR%204%20updated%2029%2008%2012.pdf},
  howpublished = "\url{http://www.arabsocialmediareport.com/UserManagement/PDF/ASMR%204%20updated%2029%2008%2012.pdf}",
  note = "[Online; acessado em 23 de Setembro de 2013]",
  owner = {rcaf},
  timestamp = {2013.09.21}
}

@INPROCEEDINGS{fengding2011,
author={Feng Ding and Zhiqing Yang and Xuelong Chen and Jianfeng Guo},
booktitle={Parallel Architectures, Algorithms and Programming (PAAP), 2011 Fourth International Symposium on},
title={Effective Methods to Avoid the Internet Censorship},
year={2011},
pages={67-71},
keywords={Internet;social aspects of automation;IPV6;Internet censorship avoidance;SSH;VPN;Web proxy;hosts file;proxy pool;proxy tools;Fires;IP networks;Internet;Roads;Servers;Videos;Virtual private networks;Internet Censorship;Multi-encoding;break;proxy pool;web},
doi={10.1109/PAAP.2011.54},}

@book{assange2012cypherpunks,
  title={Cypherpunks: Freedom and the Future of the Internet},
  author={Assange, J. and Appelbaum, J. and M{\"u}ller-Maguhn, A. and Zimmermann, J.},
  isbn={9781939293008},
  url={http://books.google.com.br/books?id=Ne-XMwEACAAJ},
  year={2012},
  publisher={OR Books, LLC}
}

@misc{blacklistedwordswiki,
  title = {{List of blacklisted keywords in the People's Republic of China}},
  howpublished = "\url{http://en.wikipedia.org/wiki/List_of_blacklisted_keywords_in_the_People%27s_Republic_of_China}",
  year = {2013}, 
  note = "[Online; acessado em 23 de Setembro de 2013]"
}

@misc{reflets2013iran,
  title = {{La cybercensure iranienne vue de l'int\'{e}rieur \`{a} la veille des \'{e}lections pr\'{e}sidentielles... Powered by Cisco Systems}},
  howpublished = "\url{http://reflets.info/la-cybercensure-iranienne-vue-de-linterieure-a-la-veille_-des-elections-presidentielles-powered-by-cisco-systems/}",
  month = {June},
  year = {2013}, 
  note = "[Online; acessado em 23 de Setembro de 2013]"
}


@misc{planetbluecoat2013,
  title = {{Planet Blue Coat: Mapping Global Censorship and Surveillance Tools}},
  author = {Morgan Marquis-Boire and Jakub Dalek and Sarah McKune and Matthew Carrieri and Masashi Crete-Nishihata and Ron Deibert and Saad Omar Khan and Helmi Noman and John Scott-Railton and Greg Wiseman},
  howpublished = "\url{https://citizenlab.org/2013/01/planet-blue-coat-mapping-global-censorship-and-surveillance-tools/}",
  month = {January},
  year = {2013},
  timestamp = {2013.01.15},
  note = "[Online; acessado em 23 de Setembro de 2013]"
}

@misc{behindbluecoat2011,
  title = {{Behind Blue Coat: Investigations of commercial filtering in Syria and Burma}},
  author = {The Citizen Lab, University of Toronto},
  howpublished = "\url{http://citizenlab.org/2011/11/behind-blue-coat/}",
  month = {November},
  year = {2011},
  note = "[Online; acessado em 23 de Setembro de 2013]"
}

@misc{refletsopsyria2011,
  title = {{\#OpSyria: Web censorship technologies in Syria revealed [EN]}},
  author = {bluetouff},
  howpublished = "\url{http://reflets.info/opsyria-web-censorship-technologies-in-syria-revealed-en/}",
  month = {October},
  year = {2011},
  note = "[Online; acessado em 23 de Setembro de 2013]"
}

@misc{vietnammalware2010,
  title = {{Google says Vietnam mine opponents under cyber attack}},
  author = {BBC UK},
  howpublished = "\url{http://news.bbc.co.uk/2/hi/asia-pacific/8596846.stm}",
  month = {March},
  year = {2010},
  note = "[Online; acessado em 23 de Setembro de 2013]"
}

@misc{ghostnet2009,
  title = {{Vast Spy System Loots Computers in 103 Countries}},
  author = {John Markoff},
  howpublished = "\url{http://www.nytimes.com/2009/03/29/technology/29spy.html}",
  month = {March},
  year = {2009},
  note = "[Online; acessado em 23 de Setembro de 2013]"
}

@misc{markkleinnsa,
  title = {{Whistle-Blower Outs NSA Spy Room}},
  author = {Ryan Singel},
  howpublished = "\url{http://www.wired.com/science/discoveries/news/2006/04/70619}",
  month = {July},
  year = {2006},
  note = "[Online; acessado em 23 de Setembro de 2013]"
}

@misc{heptingatt,
  title = {{Hepting v. AT\&T}},
  author = {Electronic Frontier Foundation},
  howpublished = "\url{https://www.eff.org/cases/hepting}",
  note = "[Online; acessado em 23 de Setembro de 2013]"
}

@misc{eff4tips,
  title = {{4 Simple Changes to Stop Online Tracking}},
  author = {Electronic Frontier Foundation},
  howpublished = "\url{https://www.eff.org/deeplinks/2012/04/4-simple-changes-protect-your-privacy-online}",
  note = "[Online; acessado em 23 de Setembro de 2013]"
}

@misc{hacksatellites,
  title = {{Hackers plan space satellites to combat censorship}},
  author = {David Meyer},
  howpublished = "\url{http://www.bbc.co.uk/news/technology-16367042}",
  month = {January},
  year = {2012},
  note = "[Online; acessado em 23 de Setembro de 2013]"
}

@misc{nsaonbrazil2013theguardian,
  title = {{The NSA's mass and indiscriminate spying on Brazilians}},
  author = {Glenn Greenwald},
  howpublished = "\url{http://www.theguardian.com/commentisfree/2013/jul/07/nsa-brazilians-globo-spying}",
  month = {July},
  year = {2013},
  note = "[Online; acessado em 23 de Setembro de 2013]"
}


@article{derekcensorship,
author = {Derek E. Bambauer},
title = {Censorship v3.1},
journal ={IEEE Internet Computing},
volume = {17},
number = {3},
issn = {1089-7801},
year = {2013},
pages = {26-33},
doi = {http://doi.ieeecomputersociety.org/10.1109/MIC.2013.23},
publisher = {IEEE Computer Society},
address = {Los Alamitos, CA, USA},
}
